@article{HPnoise,
  author = {Romain Fournier and Basile Sauvage},
  title  = {Mix-Max: A Content-Aware Operator for Real-Time Texture Transitions},
  year   = {2018},
  url    = {https://inria.hal.science/hal-01824773v1/document}
}

@article{mixmax,
  author  = {Eric Heitz and Fabrice Neyret},
  title   = {High-Performance By-Example Noise using a Histogram-Preserving Blending Operator},
  journal = {COMPUTER GRAPHICS forum},
  year    = {2024},
  url     = {https://onlinelibrary.wiley.com/doi/epdf/10.1111/cgf.15193}
}
