@article{One_Noise,
  author = {Arman Maesumi and DYlan HU and Vladimir G. KIM and Matthew Fisher},
  title  = {One Noise to Rule Them All: Learning a Unified Model of Spatially-Varying Noise Patterns},
  year   = {2024},
  journal = {SIGGRAPH},
  url    = {https://arxiv.org/pdf/2404.16292}
}

@article{SOA_Noise,
  author = {A. Lagae and S. Lefbvre and R. Cook and T.Derose and G.Drettakis and D.S.Ebert},
  title  = {State of the Art in Procedural Noise Functions},
  year   = {2010},
  journal = {EUROGRAPHICS},
  url    = {https://www-sop.inria.fr/reves/Basilic/2010/LLCDDELPZ10/LLCDDELPZ10STARPNF.pdf}
}

@article{HPnoise,
  author  = {Eric Heitz and Fabrice Neyret},
  title   = {High-Performance By-Example Noise using a Histogram-Preserving Blending Operator},
  journal = {COMPUTER GRAPHICS forum},
  year    = {2018},
  url    = {https://inria.hal.science/hal-01824773v1/document}
}

@article{mixmax,
  author = {Romain Fournier and Basile Sauvage},
  title  = {Mix-Max: A Content-Aware Operator for Real-Time Texture Transitions},
  year   = {2024},
  journal = {COMPUTER GRAPHICS forum},
  url     = {https://onlinelibrary.wiley.com/doi/epdf/10.1111/cgf.15193}
}

@article{LRPN,
author = {Gilet, Guillaume and Sauvage, Basile and Vanhoey, Kenneth and Dischler, Jean-Michel and Ghazanfarpour, Djamchid},
year = {2014},
month = {11},
pages = {195:1-195:11},
title = {Local Random-Phase Noise for Procedural Texturing},
volume = {33},
journal = {ACM Trans. Graph.},
doi = {10.1145/2661229.2661249}
}